<record><leader>00000cas a22000007a 4500</leader><controlfield tag="001">11007716</controlfield><controlfield tag="008">840731d1893189umtuwr ne      0    0dan d</controlfield><datafield ind1=" " ind2=" " tag="010"><subfield code="a">sn 84036129 </subfield></datafield><datafield ind1=" " ind2=" " tag="040"><subfield code="a">MTL</subfield><subfield code="b">eng</subfield><subfield code="c">MTL</subfield><subfield code="d">NPV</subfield><subfield code="d">DLC</subfield><subfield code="d">OCLCQ</subfield></datafield><datafield ind1="0" ind2=" " tag="041"><subfield code="a">danswe</subfield></datafield><datafield ind1=" " ind2=" " tag="042"><subfield code="a">msc</subfield></datafield><datafield ind1="0" ind2=" " tag="130"><subfield code="a">Montana Skandinav (Butte, Mont.)</subfield></datafield><datafield ind1="1" ind2="0" tag="245"><subfield code="a">Montana Skandinav.</subfield></datafield><datafield ind1=" " ind2=" " tag="260"><subfield code="a">Butte, Mont. :</subfield><subfield code="b">Scandinavian Pub. Co.</subfield></datafield><datafield ind1=" " ind2=" " tag="310"><subfield code="a">Weekly</subfield></datafield><datafield ind1="0" ind2=" " tag="362"><subfield code="a">1 aarg, no. 1 (26de Jan. 1893)-</subfield></datafield><datafield ind1=" " ind2=" " tag="546"><subfield code="a">In Danish and Swedish.</subfield></datafield><datafield ind1=" " ind2=" " tag="752"><subfield code="a">United States</subfield><subfield code="b">Montana</subfield><subfield code="c">Silver Bow</subfield><subfield code="d">Butte.</subfield></datafield><datafield ind1="0" ind2="7" tag="785"><subfield code="t">Montana tidende</subfield></datafield><datafield ind1="0" ind2="7" tag="785"><subfield code="t">Montana tidende og Skandinav</subfield><subfield code="w">(DLC)sn 84036130</subfield></datafield></record>